@article{aggarwal2021generative,
  title     = {Generative adversarial network: An overview of theory and applications},
  author    = {Aggarwal, Alankrita and Mittal, Mamta and Battineni, Gopi},
  journal   = {International Journal of Information Management Data Insights},
  volume    = {1},
  number    = {1},
  pages     = {100004},
  year      = {2021},
  publisher = {Elsevier}
}

@article{cai2021generative,
  title     = {Generative adversarial networks: A survey toward private and secure applications},
  author    = {Cai, Zhipeng and Xiong, Zuobin and Xu, Honghui and Wang, Peng and Li, Wei and Pan, Yi},
  journal   = {ACM Computing Surveys (CSUR)},
  volume    = {54},
  number    = {6},
  pages     = {1--38},
  year      = {2021},
  publisher = {ACM New York, NY, USA}
}

@inproceedings{chan2022efficient,
  title     = {Efficient geometry-aware 3D generative adversarial networks},
  author    = {Chan, Eric R and Lin, Connor Z and Chan, Matthew A and Nagano, Koki and Pan, Boxiao and De Mello, Shalini and Gallo, Orazio and Guibas, Leonidas J and Tremblay, Jonathan and Khamis, Sameh and others},
  booktitle = {Proceedings of the IEEE/CVF Conference on Computer Vision and Pattern Recognition},
  pages     = {16123--16133},
  year      = {2022}
}

@article{gong2020unsupervised,
  title     = {Unsupervised specific emitter identification method using radio-frequency fingerprint embedded InfoGAN},
  author    = {Gong, Jialiang and Xu, Xiaodong and Lei, Yingke},
  journal   = {IEEE Transactions on Information Forensics and Security},
  volume    = {15},
  pages     = {2898--2913},
  year      = {2020},
  publisher = {IEEE}
}

@article{gui2021review,
  title     = {A review on generative adversarial networks: Algorithms, theory, and applications},
  author    = {Gui, Jie and Sun, Zhenan and Wen, Yonggang and Tao, Dacheng and Ye, Jieping},
  journal   = {IEEE transactions on knowledge and data engineering},
  year      = {2021},
  publisher = {IEEE}
}

@article{jabbar2021survey,
  title     = {A survey on generative adversarial networks: Variants, applications, and training},
  author    = {Jabbar, Abdul and Li, Xi and Omar, Bourahla},
  journal   = {ACM Computing Surveys (CSUR)},
  volume    = {54},
  number    = {8},
  pages     = {1--49},
  year      = {2021},
  publisher = {ACM New York, NY}
}

@article{karras2021alias,
  title   = {Alias-free generative adversarial networks},
  author  = {Karras, Tero and Aittala, Miika and Laine, Samuli and H{\"a}rk{\"o}nen, Erik and Hellsten, Janne and Lehtinen, Jaakko and Aila, Timo},
  journal = {Advances in Neural Information Processing Systems},
  volume  = {34},
  pages   = {852--863},
  year    = {2021}
}

@inproceedings{li2019storygan,
  title     = {Storygan: A sequential conditional gan for story visualization},
  author    = {Li, Yitong and Gan, Zhe and Shen, Yelong and Liu, Jingjing and Cheng, Yu and Wu, Yuexin and Carin, Lawrence and Carlson, David and Gao, Jianfeng},
  booktitle = {Proceedings of the IEEE/CVF Conference on Computer Vision and Pattern Recognition},
  pages     = {6329--6338},
  year      = {2019}
}

@inproceedings{NIPS2014_5ca3e9b1,
  author    = {Goodfellow, Ian and Pouget-Abadie, Jean and Mirza, Mehdi and Xu, Bing and Warde-Farley, David and Ozair, Sherjil and Courville, Aaron and Bengio, Yoshua},
  booktitle = {Advances in Neural Information Processing Systems},
  editor    = {Z. Ghahramani and M. Welling and C. Cortes and N. Lawrence and K.Q. Weinberger},
  pages     = {},
  publisher = {Curran Associates, Inc.},
  title     = {Generative Adversarial Nets},
  url       = {https://proceedings.neurips.cc/paper/2014/file/5ca3e9b122f61f8f06494c97b1afccf3-Paper.pdf},
  volume    = {27},
  year      = {2014}
}

@inproceedings{NIPS2016_7c9d0b1f,
  author    = {Chen, Xi and Duan, Yan and Houthooft, Rein and Schulman, John and Sutskever, Ilya and Abbeel, Pieter},
  booktitle = {Advances in Neural Information Processing Systems},
  editor    = {D. Lee and M. Sugiyama and U. Luxburg and I. Guyon and R. Garnett},
  pages     = {},
  publisher = {Curran Associates, Inc.},
  title     = {InfoGAN: Interpretable Representation Learning by Information Maximizing Generative Adversarial Nets},
  url       = {https://proceedings.neurips.cc/paper/2016/file/7c9d0b1f96aebd7b5eca8c3edaa19ebb-Paper.pdf},
  volume    = {29},
  year      = {2016}
}

@inproceedings{xu2018attngan,
  title     = {Attngan: Fine-grained text to image generation with attentional generative adversarial networks},
  author    = {Xu, Tao and Zhang, Pengchuan and Huang, Qiuyuan and Zhang, Han and Gan, Zhe and Huang, Xiaolei and He, Xiaodong},
  booktitle = {Proceedings of the IEEE conference on computer vision and pattern recognition},
  pages     = {1316--1324},
  year      = {2018}
}

@inproceedings{xu2021linear,
  title     = {Linear semantics in generative adversarial networks},
  author    = {Xu, Jianjin and Zheng, Changxi},
  booktitle = {Proceedings of the IEEE/CVF Conference on Computer Vision and Pattern Recognition},
  pages     = {9351--9360},
  year      = {2021}
}

@article{yinka2020review,
  title     = {A review of generative adversarial networks and its application in cybersecurity},
  author    = {Yinka-Banjo, Chika and Ugot, Ogban-Asuquo},
  journal   = {Artificial Intelligence Review},
  volume    = {53},
  pages     = {1721--1736},
  year      = {2020},
  publisher = {Springer}
}

@inproceedings{yu2021dual,
  title     = {Dual contrastive loss and attention for gans},
  author    = {Yu, Ning and Liu, Guilin and Dundar, Aysegul and Tao, Andrew and Catanzaro, Bryan and Davis, Larry S and Fritz, Mario},
  booktitle = {Proceedings of the IEEE/CVF International Conference on Computer Vision},
  pages     = {6731--6742},
  year      = {2021}
}
@inproceedings{zhang2022multi,
  title     = {Multi-view consistent generative adversarial networks for 3d-aware image synthesis},
  author    = {Zhang, Xuanmeng and Zheng, Zhedong and Gao, Daiheng and Zhang, Bang and Pan, Pan and Yang, Yi},
  booktitle = {Proceedings of the IEEE/CVF Conference on Computer Vision and Pattern Recognition},
  pages     = {18450--18459},
  year      = {2022}
}

@inproceedings{zhou2021omni,
  title     = {Omni-gan: On the secrets of cgans and beyond},
  author    = {Zhou, Peng and Xie, Lingxi and Ni, Bingbing and Geng, Cong and Tian, Qi},
  booktitle = {Proceedings of the IEEE/CVF International Conference on Computer Vision},
  pages     = {14061--14071},
  year      = {2021}
}

@article{zhou2023hybrid,
  title     = {Hybrid quantum--classical generative adversarial networks for image generation via learning discrete distribution},
  author    = {Zhou, Nan-Run and Zhang, Tian-Feng and Xie, Xin-Wen and Wu, Jun-Yun},
  journal   = {Signal Processing: Image Communication},
  volume    = {110},
  pages     = {116891},
  year      = {2023},
  publisher = {Elsevier}
}